<?xml version="1.0" encoding="UTF-8"?><collection xmlns="http://www.loc.gov/MARC21/slim"><record><leader>00471nam--2200169-i-4500</leader><controlfield tag="001">000046235</controlfield><controlfield tag="002">20161230</controlfield><controlfield tag="005">20170206182857</controlfield><controlfield tag="008">060222s1000------------r-----000-0-eng-d</controlfield><datafield ind1=" " ind2=" " tag="080"><subfield code="a">681.324</subfield></datafield><datafield ind1=" " ind2=" " tag="245"><subfield code="a">Unix a practical introduction for users</subfield></datafield><datafield ind1=" " ind2=" " tag="260"><subfield code="a">Chichester</subfield><subfield code="b">Ellis Horwood Limited</subfield><subfield code="c">1985</subfield></datafield><datafield ind1=" " ind2=" " tag="300"><subfield code="a">195 p</subfield></datafield><datafield ind1=" " ind2=" " tag="490"><subfield code="a">Ellis Horwood Series In Computers And Their Applications</subfield></datafield><datafield ind1=" " ind2=" " tag="700"><subfield code="a">Whiddett, R. J</subfield></datafield><datafield ind1=" " ind2=" " tag="852"><subfield code="a">73922</subfield></datafield><datafield ind1=" " ind2=" " tag="CAT"><subfield code="a">SYS</subfield><subfield code="c">20170206</subfield><subfield code="h">182857</subfield></datafield></record></collection>